@book{tilings,
    author = {Gr\"{u}nbaum, Branko and Shephard, G C},
    title = {Tilings and patterns},
    year = {1986},
    isbn = {0-716-71193-1},
    publisher = {W. H. Freeman \& Co.},
    address = {New York, NY, USA},
} 

@article{undecide,
    author = {R. Berger},
    title = {The undecidability of the domino problem},
    year = {1966},
    masid = {1312573}
}

@incollection{aperiodic,
    author = {Culik, Karel and Kari, Jarkko},
    affiliation = {University of South Carolina Depart. of Comp. Science 29208 Columbia S.C. 29208 Columbia S.C.},
    title = {On aperiodic sets of Wang tiles},
    booktitle = {Foundations of Computer Science},
    series = {Lecture Notes in Computer Science},
    editor = {Freksa, Christian and Jantzen, Matthias and Valk, RÃ¼diger},
    publisher = {Springer Berlin / Heidelberg},
    isbn = {},
    pages = {153-162},
    volume = {1337},
    url = {http://dx.doi.org/10.1007/BFb0052084},
    note = {10.1007/BFb0052084},
    year = {1997}
}

@article{13tiles,
    author = {Culik,II, Karel},
    title = {An aperiodic set of 13 Wang tiles},
    journal = {Discrete Math.},
    volume = {160},
    issue = {1-3},
    month = {November},
    year = {1996},
    issn = {0012-365X},
    pages = {245--251},
    numpages = {7},
    url = {http://portal.acm.org/citation.cfm?id=245761.245814},
    doi = {10.1016/S0012-365X(96)00118-5},
    acmid = {245814},
    publisher = {Elsevier Science Publishers B. V.},
    address = {Amsterdam, The Netherlands, The Netherlands},
} 

@article{tmtiles,
    author = {Raphael M. Robinson},
    title = {Undecidability and nonperiodicity for tilings of the plane},
    journal = {Inventiones Mathematicae},
    volume = {12},
    year = {1971},
    pages = {177--209},
    doi = {10.1007/BF01418780},
    masid = {1357503}
}

@article{wang,
    author = {Wang, Hao},
    title = {Proving theorems by pattern recognition I},
    journal = {Commun. ACM},
    issue_date = {April 1960},
    volume = {3},
    issue = {4},
    month = {April},
    year = {1960},
    issn = {0001-0782},
    pages = {220--234},
    numpages = {15},
    url = {http://doi.acm.org/10.1145/367177.367224},
    doi = {http://doi.acm.org/10.1145/367177.367224},
    acmid = {367224},
    publisher = {ACM},
    address = {New York, NY, USA},
} 
